% Encoding: UTF-8

@Misc{Intro,
  author        = {Utiluz},
  title         = {LED - O que é, como funciona},
  organization  = {Laboratório de iluminação},
  url           = {http://www.iar.unicamp.br/lab/luz/dicasemail/led/dica36.htm},
  urlaccessdate = {4 de agosto de 2017},
}

@Comment{jabref-meta: databaseType:bibtex;}
